@misc{osfrepo,
  title={Project files for "XXX"},
  url={osf.io/buk7p},
  publisher={Open Science Framework},
  author={Orquin, Jacob L. and Lahm, Eric S. and Stojic, Hrvoje},
  year={2020},
  month={Jul}
}
@manual{R2020,
	address = {Vienna, Austria},
	author = {{R Core Team}},
	organization = {R Foundation for Statistical Computing},
	title = {{R: A Language and Environment for Statistical Computing}},
	url = {https://www.r-project.org/},
	year = {2020}
}
@Article{metafor,
    title = {Conducting meta-analyses in {R} with the {metafor} package},
    author = {Wolfgang Viechtbauer},
    journal = {Journal of Statistical Software},
    year = {2010},
    volume = {36},
    number = {3},
    pages = {1--48},
    url = {https://www.jstatsoft.org/v36/i03/}
}
@Book{ggplot2,
    author = {Hadley Wickham},
    title = {ggplot2: Elegant Graphics for Data Analysis},
    publisher = {Springer-Verlag New York},
    year = {2016},
    isbn = {978-3-319-24277-4},
    url = {https://ggplot2.tidyverse.org}
}
@Manual{datatable,
    title = {data.table: Extension of `data.frame`},
    author = {Matt Dowle and Arun Srinivasan},
    year = {2019},
    note = {R package version 1.12.8},
    url = {https://CRAN.R-project.org/package=data.table}
}
@article{hogarth2007heuristic,
  title={Heuristic and linear models of judgment: Matching rules and environments.},
  author={Hogarth, Robin M and Karelaia, Natalia},
  journal={Psychological Review},
  volume={114},
  number={3},
  pages={733},
  year={2007},
  publisher={American Psychological Association}
}
@article{schulz2018putting,
  title={Putting bandits into context: How function learning supports decision making.},
  author={Schulz, Eric and Konstantinidis, Emmanouil and Speekenbrink, Maarten},
  journal={Journal of Experimental Psychology: Learning, Memory, and Cognition},
  volume={44},
  number={6},
  pages={927},
  year={2018},
  publisher={American Psychological Association}
}
@article{tversky1972elimination,
  title={Elimination by aspects: A theory of choice.},
  author={Tversky, Amos},
  journal={Psychological Review},
  volume={79},
  number={4},
  pages={281},
  year={1972},
  publisher={American Psychological Association}
}
@article{gigerenzer1996reasoning,
  title={Reasoning the fast and frugal way: models of bounded rationality.},
  author={Gigerenzer, Gerd and Goldstein, Daniel G},
  journal={Psychological Review},
  volume={103},
  number={4},
  pages={650},
  year={1996},
  publisher={American Psychological Association}
}
@article{stojic2020s,
  title={It’s new, but is it good? How generalization and uncertainty guide the exploration of novel options.},
  author={Stoji{\'c}, Hrvoje and Schulz, Eric and P Analytis, Pantelis and Speekenbrink, Maarten},
  journal={Journal of Experimental Psychology: General},
  year={2020},
  publisher={American Psychological Association}
}
@article{stojic2020uncertainty,
  title={Uncertainty in learning, choice, and visual fixation},
  author={Stoji{\'c}, Hrvoje and Orquin, Jacob L and Dayan, Peter and Dolan, Raymond J and Speekenbrink, Maarten},
  journal={Proceedings of the National Academy of Sciences},
  volume={117},
  number={6},
  pages={3291--3300},
  year={2020},
  publisher={National Acad Sciences}
}
@article{wedel2006chapter,
  title={Chapter 6: A Theory of Attention to Visual Marketing.“},
  author={Wedel, M and Pieters, R},
  journal={Foundations \& Trends In Marketing},
  volume={1},
  number={4},
  year={2006}
}
@article{moher2009preferred,
  title={Preferred reporting items for systematic reviews and meta-analyses: the PRISMA statement},
  author={Moher, David and Liberati, Alessandro and Tetzlaff, Jennifer and Altman, Douglas G and Prisma Group and others},
  journal={PLoS med},
  volume={6},
  number={7},
  pages={e1000097},
  year={2009},
  publisher={Public Library of Science}
}
@article{ryoo2011model, 
    title={Model selection with the linear mixed model for longitudinal data}, 
    author={Ryoo, Ji Hoon}, 
    journal={Multivariate Behavioral Research}, 
    volume={46}, 
    number={4}, 
    pages={598--624}, 
    year={2011}, 
    publisher={Taylor \& Francis} 
}
@article{Schwarz1978,
	  author	= {Schwarz, Gideon},
	  journal	= {The Annals of Satistics},
	  numberELIM	= {2},
	  pages		= {461--464},
	  title		= {{Estimating the dimension of a model}},
	  urlELIM		= {http://projecteuclid.org/euclid.aos/1176344136},
	  volume	= {6},
	  year		= {1978}
}
@article{abrams2003,
  title={Motion onset captures attention},
  author={Abrams, Richard A and Christ, Shawn E},
  journal={Psychological Science},
  volume={14},
  number={5},
  pages={427--432},
  year={2003},
  publisher={SAGE Publications Sage CA: Los Angeles, CA}
}
@book{borenstein2011introduction,
  title={Introduction to meta-analysis},
  author={Borenstein, Michael and Hedges, Larry V and Higgins, Julian PT and Rothstein, Hannah R},
  year={2011},
  publisher={John Wiley \& Sons}
}
@article{chita2016attention,
  title={Attention allocation in ASD: A review and meta-analysis of eye-tracking studies},
  author={Chita-Tegmark, Meia},
  journal={Review Journal of Autism and Developmental Disorders},
  volume={3},
  number={3},
  pages={209--223},
  year={2016},
  publisher={Springer}
}
@article{duval2000trim,
  title={Trim and fill: a simple funnel-plot--based method of testing and adjusting for publication bias in meta-analysis},
  author={Duval, Sue and Tweedie, Richard},
  journal={Biometrics},
  volume={56},
  number={2},
  pages={455--463},
  year={2000},
  publisher={Wiley Online Library}
}
@article{ashby2014a,
  author = {Ashby, N.J.S. and Rakow, T.},
  year = {2014},
  title = {Forgetting the past: Individual differences in recency in subjective valuations from experience},
  volume = {40},
  pages = {1153–1162},
  url = {https://doi.org/10.1037/a0036352},
  doi = {10.1037/a0036352},
  language = {en},
  journal = {Journal of Experimental Psychology: Learning, Memory, and Cognition},
  number = {4}
}
@article{atalay2012a,
  author = {Atalay, A.S. and Bodur, H.O. and Rasolofoarison, D.},
  year = {2012},
  title = {Shining in the Center: Central Gaze Cascade Effect on Product Choice},
  volume = {39},
  pages = {848–866},
  url = {https://doi.org/10.1086/665984},
  doi = {10.1086/665984},
  language = {en},
  journal = {Journal of Consumer Research},
  number = {4}
}
@article{bialkova2014a,
  author = {Bialkova, S. and Grunert, K.G. and Juhl, H.J. and Wasowicz-Kirylo, G. and Stysko-Kunkowska, M. and Trijp, H.C.M.},
  year = {2014},
  title = {Attention mediates the effect of nutrition label information on consumers’ choice. Evidence from a choice experiment involving eye-tracking},
  volume = {76},
  pages = {66–75},
  url = {https://doi.org/10.1016/j.appet.2013.11.021},
  doi = {10.1016/j.appet.2013.11.021},
  language = {en},
  journal = {Appetite}
}
@article{borji2012a,
  author = {Borji, A. and Itti, L.},
  year = {2012},
  title = {State-of-the-Art in Visual Attention Modeling},
  volume = {35},
  pages = {185–207},
  url = {https://doi.org/10.1109/TPAMI.2012.89},
  doi = {10.1109/TPAMI.2012.89},
  language = {en},
  journal = {IEEE Transactions on Pattern Analysis and Machine Intelligence},
  number = {1}
}
@article{brandstatter2014,
  title={Attention in risky choice},
  author={Brandst{\"a}tter, Eduard and K{\"o}rner, Christof},
  journal={Acta psychologica},
  volume={152},
  pages={166--176},
  year={2014},
  publisher={Elsevier}
}
@incollection{bulling2019a,
  author = {Bulling, A. and Wedel, M.},
  year = {2019},
  title = {Pervasive eye-tracking for real-world consumer behavior analysis},
  publisher = {Taylor \& Francis},
  url = {https://pure.mpg.de/pubman/faces/ViewItemOverviewPage.jsp?itemId=item_2473160},
  language = {en},
  booktitle = {A Handbook of Process Tracing Methods}
}
@article{busemeyer1992,
  title={Fundamental derivations from decision field theory},
  author={Busemeyer, Jerome R and Townsend, James T},
  journal={Mathematical Social Sciences},
  volume={23},
  number={3},
  pages={255--282},
  year={1992},
  publisher={North-Holland}
}
@misc{callaway2019a,
  author = {Callaway, F. and Griffiths, T.},
  year = {2019},
  title = {Attention in value-based choice as optimal sequential sampling},
  url = {https://doi.org/10.31234/osf.io/57v6k},
  doi = {10.31234/osf.io/57v6k},
  language = {en}
}
@article{chandon2009a,
  author = {Chandon, P. and Hutchinson, J.W. and Bradlow, E.T. and Young, S.H.},
  year = {2009},
  title = {Does In-Store Marketing Work? Effects of the Number and Position of Shelf Facings on Brand Attention and Evaluation at the Point of Purchase},
  volume = {73},
  pages = {1–17},
  url = {https://doi.org/10.1509/jmkg.73.6.1},
  doi = {10.1509/jmkg.73.6.1},
  language = {en},
  journal = {Journal of Marketing},
  number = {6}
}
@article{chen2013,
  title={Mechanisms underlying the influence of saliency on value-based decisions},
  author={Chen, Xiaomo and Mihalas, Stefan and Niebur, Ernst and Stuphorn, Veit},
  journal={Journal of vision},
  volume={13},
  number={12},
  pages={18--18},
  year={2013},
  publisher={The Association for Research in Vision and Ophthalmology}
}
@article{clarke2014a,
  author = {Clarke, A.D.F. and Tatler, B.W.},
  year = {2014},
  title = {Deriving an appropriate baseline for describing fixation behaviour},
  volume = {102},
  pages = {41–51},
  url = {https://doi.org/10.1016/j.visres.2014.06.016},
  doi = {10.1016/j.visres.2014.06.016},
  language = {en},
  journal = {Vision Research}
}
@article{corbetta2002a,
  author = {Corbetta, M. and Shulman, G.L.},
  year = {2002},
  title = {Control of goal-directed and stimulus-driven attention in the brain},
  volume = {3},
  pages = {201–215},
  url = {https://doi.org/10.1038/nrn755},
  doi = {10.1038/nrn755},
  language = {en},
  journal = {Nature Reviews Neuroscience},
  number = {3}
}
@article{dehaene2003a,
  author = {Dehaene, S.},
  year = {2003},
  title = {The neural basis of the Weber–Fechner law: a logarithmic mental number line},
  volume = {7},
  pages = {145–147},
  url = {https://doi.org/10.1016/S1364-6613(03)00055-X},
  doi = {10.1016/S1364-6613(03)00055-X},
  language = {en},
  journal = {Trends in Cognitive Sciences},
  number = {4}
}
@misc{del2012a,
  author = {Del Re, A.C. and Del Re, M.A.},
  year = {2012},
  title = {Package ‘compute. es},
  language = {en}
}
@article{forstmann2016,
  title={Sequential sampling models in cognitive neuroscience: Advantages, applications, and extensions},
  author={Forstmann, Birte U and Ratcliff, Roger and Wagenmakers, E-J},
  journal={Annual review of psychology},
  volume={67},
  pages={641--666},
  year={2016},
  publisher={Annual Reviews}
}
@article{ghaffari2018a,
  author = {Ghaffari, M. and Fiedler, S.},
  year = {2018},
  title = {The Power of Attention: Using Eye Gaze to Predict Other-Regarding and Moral Choices},
  volume = {29},
  pages = {1878–1889},
  url = {https://doi.org/10.1177/0956797618799301},
  doi = {10.1177/0956797618799301},
  language = {en},
  journal = {Psychological Science},
  number = {11}
}
@article{gidloef2017a,
  author = {Gidlof, K. and Anikin, A. and Lingonblad, M. and Wallin, A.},
  year = {2017},
  title = {Looking is buying. How visual attention and choice are affected by consumer preferences and properties of the supermarket shelf},
  volume = {116},
  pages = {29–38},
  url = {https://doi.org/10.1016/j.appet.2017.04.020},
  doi = {10.1016/j.appet.2017.04.020},
  language = {en},
  journal = {Appetite}
}
@article{gigerenzer2011a,
  author = {Gigerenzer, G. and Gaissmaier, W.},
  year = {2011},
  title = {Heuristic Decision Making},
  volume = {62},
  pages = {451–482},
  url = {https://doi.org/10.1146/annurev-psych-120709-145346},
  doi = {10.1146/annurev-psych-120709-145346},
  language = {en},
  journal = {Annual Review of Psychology},
  number = {1}
}
@article{gloeckner2011a,
  author = {Glöckner, A. and Herbold, A.-K.},
  year = {2011},
  title = {An eye-tracking study on information processing in risky decisions: Evidence for compensatory strategies based on automatic processes},
  volume = {24},
  pages = {71–98},
  url = {https://doi.org/10.1002/bdm.684},
  doi = {10.1002/bdm.684},
  language = {en},
  journal = {Journal of Behavioral Decision Making},
  number = {1}
}
@article{gluth2018,
  title={Value-based attentional capture affects multi-alternative decision making},
  author={Gluth, Sebastian and Spektor, Mikhail S and Rieskamp, J{\"o}rg},
  journal={Elife},
  volume={7},
  pages={e39659},
  year={2018},
  publisher={eLife Sciences Publications Limited}
}@article{gluth2020,
  title={Value-based attention but not divisive normalization influences decisions with multiple alternatives},
  author={Gluth, Sebastian and Kern, Nadja and Kortmann, Maria and Vitali, C{\'e}cile L},
  journal={Nature Human Behaviour},
  pages={1--12},
  year={2020},
  publisher={Nature Publishing Group}
}
@article{hayhoe2005,
  title={Eye movements in natural behavior},
  author={Hayhoe, Mary and Ballard, Dana},
  journal={Trends in cognitive sciences},
  volume={9},
  number={4},
  pages={188--194},
  year={2005},
  publisher={Elsevier}
}
@article{hayhoe2014a,
  author = {Hayhoe, M. and Ballard, D.},
  year = {2014},
  title = {Modeling Task Control of Eye Movements},
  volume = {24},
  pages = {622– 628},
  url = {https://doi.org/10.1016/j.cub.2014.05.020},
  doi = {10.1016/j.cub.2014.05.020},
  language = {en},
  journal = {Current Biology},
  number = {13}
}
@inproceedings{holmqvist2015a,
  author = {Holmqvist, K. and Zemblys, R. and Mulvey, F. and Cleveland, D. and Pelz, J.},
  year = {2015},
  title = {The effect of sample selection methods on data quality measures and on predictors for data quality},
  language = {en},
  booktitle = {18th European Conference on Eye Movements}
}
@article{hong2016a,
  author = {Hong, S. and Misra, K. and Vilcassim, N.J.},
  year = {2016},
  title = {The Perils of Category Management: The Effect of Product Assortment on Multicategory Purchase Incidence},
  volume = {80},
  pages = {34–52},
  url = {https://doi.org/10.1509/jm.15.0060},
  doi = {10.1509/jm.15.0060},
  language = {en},
  journal = {Journal of Marketing},
  number = {5}
}
@book{hunter2004a,
  author = {Hunter, J.E. and Schmidt, F.L.},
  year = {2004},
  title = {Methods of Meta-Analysis: Correcting Error and Bias in Research Findings},
  publisher = {SAGE},
  url = {https://books.google.dk/books?id=IHSBTHEmYNgC},
  language = {en}
}
@article{itti2000,
  title={A saliency-based search mechanism for overt and covert shifts of visual attention},
  author={Itti, Laurent and Koch, Christof},
  journal={Vision research},
  volume={40},
  number={10-12},
  pages={1489--1506},
  year={2000},
  publisher={Elsevier}
}
@article{jonides1988,
  title={Uniqueness of abrupt visual onset in capturing attention},
  author={Jonides, John and Yantis, Steven},
  journal={Perception \& psychophysics},
  volume={43},
  number={4},
  pages={346--354},
  year={1988},
  publisher={Springer}
}
@article{kvarven2020,
  title={Comparing meta-analyses and preregistered multiple-laboratory replication projects},
  author={Kvarven, Amanda and Str{\o}mland, Eirik and Johannesson, Magnus},
  journal={Nature Human Behaviour},
  volume={4},
  number={4},
  pages={423--434},
  year={2020},
  publisher={Nature Publishing Group}
}
@article{kim2012a,
  author = {Kim, B. and Seligman, D. and Kable, J.W.},
  year = {2012},
  title = {Preference Reversals in Decision Making Under Risk are Accompanied by Changes in Attention to Different Attributes},
  volume = {6},
  url = {https://doi.org/10.3389/fnins.2012.00109},
  doi = {10.3389/fnins.2012.00109},
  language = {en},
  journal = {Frontiers in Neuroscience}
}
@article{krajbich2010a,
  author = {Krajbich, I. and Armel, C. and Rangel, A.},
  year = {2010},
  title = {Visual fixations and the computation and comparison of value in simple choice},
  volume = {13},
  pages = {1292–1298},
  url = {https://doi.org/10.1038/nn.2635},
  doi = {10.1038/nn.2635},
  language = {fr},
  journal = {Nature Neuroscience},
  number = {10}
}
@misc{krefeld-schwalb2019a,
  author = {Krefeld-Schwalb, A. and Rosner, A.},
  year = {2019},
  title = {Retro-cueing in multi-attribute choices: The influence of memory availability on strategy selection and attribute weights},
  url = {https://doi.org/10.31234/osf.io/2xm9w},
  doi = {10.31234/osf.io/2xm9w},
  language = {en}
}
@article{kreplin2014a,
  author = {Kreplin, U. and Thoma, V. and Rodway, P.},
  year = {2014},
  title = {Looking behaviour and preference for artworks: The role of emotional valence and location},
  volume = {152},
  pages = {100–108},
  url = {https://doi.org/10.1016/j.actpsy.2014.08.003},
  doi = {10.1016/j.actpsy.2014.08.003},
  language = {en},
  journal = {Acta Psychologica}
}
@article{land2001a,
  author = {Land, M.F. and Hayhoe, M.},
  year = {2001},
  title = {In what ways do eye movements contribute to everyday activities?},
  volume = {41},
  pages = {3559–3565},
  url = {https://doi.org/10.1016/S0042-6989(01)00102-X},
  doi = {10.1016/S0042-6989(01)00102-X},
  language = {en},
  journal = {Vision Research},
  number = {25}
}
@article{lepelley2015,
  title={When goals conflict with values: Counterproductive attentional and oculomotor capture by reward-related stimuli.},
  author={Le Pelley, Mike E and Pearson, Daniel and Griffiths, Oren and Beesley, Tom},
  journal={Journal of Experimental Psychology: General},
  volume={144},
  number={1},
  pages={158},
  year={2015},
  publisher={American Psychological Association}
}
@article{lohse1997a,
  author = {Lohse, G.L.},
  year = {1997},
  title = {Consumer Eye Movement Patterns on Yellow Pages Advertising},
  volume = {26},
  pages = {61–73},
  url = {https://doi.org/10.1080/00913367.1997.10673518},
  doi = {10.1080/00913367.1997.10673518},
  language = {en},
  journal = {Journal of Advertising},
  number = {1}
}
@article{meissner2016a,
  author = {Meißner, M. and Musalem, A. and Huber, J.},
  year = {2016},
  title = {Eye Tracking Reveals Processes that Enable Conjoint Choices to Become Increasingly Efficient with Practice},
  volume = {53},
  pages = {1–17},
  url = {https://doi.org/10.1509/jmr.13.0467},
  doi = {10.1509/jmr.13.0467},
  language = {en},
  journal = {Journal of Marketing Research},
  number = {1}
}
@inproceedings{meissner2016b,
  author = {Meissner, M. and Oppewal, H. and Huber, J.},
  year = {2016},
  title = {How many options? Behavioral responses to two versus five alternatives per choice},
  pages = {20–26},
  url = {https://faculty.fuqua.duke.edu/~jch8/bio/Papers/HowManyOptions},
  language = {en},
  booktitle = {Sawtooth Software Conference}
}
@article{milosavljevic2012a,
  author = {Milosavljevic, M. and Navalpakkam, V. and Koch, C. and Rangel, A.},
  year = {2012},
  title = {Relative visual saliency differences induce sizable bias in consumer choice},
  volume = {22},
  pages = {67–74},
  url = {https://doi.org/10.1016/j.jcps.2011.10.002},
  doi = {10.1016/j.jcps.2011.10.002},
  language = {en},
  journal = {Journal of Consumer Psychology},
  number = {1}
}
@misc{mullett2016a,
  author = {Mullett, T.L. and Stewart, N.},
  year = {2016},
  title = {Implications of Visual Attention Phenomena for Models of Preferential Choice. Decision},
  volume = {3},
  pages = {231–253},
  url = {https://doi.org/10.1037/dec0000049},
  issue = {4},
  doi = {10.1037/dec0000049},
  language = {en},
  address = {Washington, D.C}
}
@article{muenscher2016a,
  author = {Münscher, R. and Vetter, M. and Scheuerle, T.},
  year = {2016},
  title = {A Review and Taxonomy of Choice Architecture Techniques},
  volume = {29},
  pages = {511–524},
  url = {https://doi.org/10.1002/bdm.1897},
  doi = {10.1002/bdm.1897},
  language = {en},
  journal = {Journal of Behavioral Decision Making},
  number = {5}
}
@article{navalpakkam2010,
  title={Optimal reward harvesting in complex perceptual environments},
  author={Navalpakkam, Vidhya and Koch, Christof and Rangel, Antonio and Perona, Pietro},
  journal={Proceedings of the National Academy of Sciences},
  volume={107},
  number={11},
  pages={5232--5237},
  year={2010},
  publisher={National Acad Sciences}
}
@book{navalpakkam2012a,
  author = {Navalpakkam, V. and Kumar, R. and Li, L. and Sivakumar, D.},
  year = {2012},
  title = {Attention and Selection in Online Choice Tasks},
  editor = {Masthoff, J. and Mobasher, B. and Desmarais, M.C. and Nkambou, R.},
  pages = {200–211},
  publisher = {Springer},
  url = {https://doi.org/10.1007/978-3-642-31454-4_17},
  doi = {10.1007/978-3-642-31454-4_17},
  language = {da}
}
@article{noguchi2018,
  title={Multialternative decision by sampling: A model of decision making constrained by process data.},
  author={Noguchi, Takao and Stewart, Neil},
  journal={Psychological review},
  volume={125},
  number={4},
  pages={512},
  year={2018},
  publisher={American Psychological Association}
}
@article{nystroem2013a,
  author = {Nyström, M. and Andersson, R. and Holmqvist, K. and Weijer, J.},
  year = {2013},
  title = {The influence of calibration method and eye physiology on eyetracking data quality},
  volume = {45},
  pages = {272–288},
  url = {https://doi.org/10.3758/s13428-012-0247-4},
  doi = {10.3758/s13428-012-0247-4},
  language = {en},
  journal = {Behavior Research Methods},
  number = {1}
}
@article{orquin2016a,
  author = {Orquin, J.L. and Ashby, N.J.S. and Clarke, A.D.F.},
  year = {2016},
  title = {Areas of Interest as a Signal Detection Problem in Behavioral Eye-Tracking Research},
  volume = {29},
  url = {https://doi.org/10.1002/bdm.1867},
  doi = {10.1002/bdm.1867},
  language = {en},
  journal = {Journal of Behavioral Decision Making},
  number = {2–3}
}
@article{orquin2015a,
  author = {Orquin, J.L. and Lagerkvist, C.J.},
  year = {2015},
  title = {Effects of salience are both short- and long-lived},
  volume = {160},
  url = {https://doi.org/10.1016/j.actpsy.2015.07.001},
  doi = {10.1016/j.actpsy.2015.07.001},
  language = {pt},
  journal = {Acta Psychologica}
}
@article{orquin2013a,
  author = {Orquin, J.L. and Mueller Loose, S.},
  year = {2013},
  title = {Attention and choice: A review on eye movements in decision making},
  volume = {144},
  url = {https://doi.org/10.1016/j.actpsy.2013.06.003},
  doi = {10.1016/j.actpsy.2013.06.003},
  language = {it},
  journal = {Acta Psychologica},
  number = {1}
}
@article{orquin2019a,
  author = {Orquin, Jacob L. and Bagger, M.P. and Lahm, E.S. and Grunert, K.G. and Scholderer, J.},
  year = {2019},
  title = {The visual ecology of product packaging and its effects on consumer attention},
  url = {https://doi.org/10.1016/j.jbusres.2019.01.043},
  doi = {10.1016/j.jbusres.2019.01.043},
  language = {en},
  journal = {Journal of Business Research}
}
@article{orquin2018a,
  author = {Orquin, Jacob L. and Holmqvist, K.},
  year = {2018},
  title = {Threats to the validity of eye-movement research in psychology},
  volume = {50},
  pages = {1645–1656},
  url = {https://doi.org/10.3758/s13428-017-0998-z},
  doi = {10.3758/s13428-017-0998-z},
  language = {en},
  journal = {Behavior Research Methods},
  number = {4}
}
@article{orquinwedel2020,
  title={Contributions to attention based marketing: Foundations, insights, and challenges},
  author={Orquin, Jacob Lund and Wedel, Michel},
  year={2020},
  volume={111},
  pages={85-90},
  journal = {Journal of Business Research},
  publisher={Elsevier}
}
@article{paernamets2015a,
  author = {Pärnamets, P. and Johansson, P. and Hall, L. and Balkenius, C. and Spivey, M.J. and Richardson, D.C.},
  year = {2015},
  title = {Biasing moral decisions by exploiting the dynamics of eye gaze},
  volume = {112},
  pages = {4170–4175},
  url = {https://doi.org/10.1073/pnas.1415250112},
  doi = {10.1073/pnas.1415250112},
  language = {en},
  journal = {Proceedings of the National Academy of Sciences},
  number = {13}
}
@article{payne1988,
  title={Adaptive strategy selection in decision making.},
  author={Payne, John W and Bettman, James R and Johnson, Eric J},
  journal={Journal of experimental psychology: Learning, Memory, and Cognition},
  volume={14},
  number={3},
  pages={534},
  year={1988},
  publisher={American Psychological Association}
}
@article{payne1992a,
  author = {Payne, J.W. and Bettman, J.R. and Coupey, E. and Johnson, E.J.},
  year = {1992},
  title = {A constructive process view of decision making: Multiple strategies in judgment and choice},
  volume = {80},
  pages = {107–141},
  url = {https://doi.org/10.1016/0001-6918(92)90043-D},
  doi = {10.1016/0001-6918(92)90043-D},
  language = {pt},
  journal = {Acta Psychologica},
  number = {1}
}
@article{perkovic2018,
  title={Systematicity of Search Index: A new measure for exploring information search patterns},
  author={Perkovic, Sonja and Bown, Nicola J and Kaptan, Gulbanu},
  journal={Journal of Behavioral Decision Making},
  volume={31},
  number={5},
  pages={673--685},
  year={2018},
  publisher={Wiley Online Library}
}
@article{peschel2013a,
  author = {Peschel, A.O. and Orquin, J.L.},
  year = {2013},
  title = {A review of the findings and theories on surface size effects on visual attention},
  volume = {4},
  url = {https://doi.org/10.3389/fpsyg.2013.00902},
  doi = {10.3389/fpsyg.2013.00902},
  language = {en},
  journal = {Frontiers in Psychology},
  number = {DEC}
}
@article{peschel2019,
  title={Increasing consumers' attention capture and food choice through bottom-up effects},
  author={Peschel, Anne O and Orquin, Jacob L and Loose, Simone Mueller},
  journal={Appetite},
  volume={132},
  pages={1-7},
  year={2019},
  publisher={Elsevier}
}
@incollection{pieters2017,
  title={A review of eye-tracking research in marketing},
  author={Pieters, Rik and Wedel, Michel},
  booktitle={Review of marketing research},
  pages={143--167},
  year={2017},
  publisher={Routledge}
}
@article{pieters2010a,
  author = {Pieters, R. and Wedel, M. and Batra, R.},
  year = {2010},
  title = {The Stopping Power of Advertising: Measures and Effects of Visual Complexity},
  volume = {74},
  pages = {48–60},
  url = {https://doi.org/10.1509/jmkg.74.5.048},
  doi = {10.1509/jmkg.74.5.048},
  language = {en},
  journal = {Journal of Marketing},
  number = {5}
}
@article{reeck2017a,
  author = {Reeck, C. and Wall, D. and Johnson, E.J.},
  year = {2017},
  title = {Search predicts and changes patience in intertemporal choice},
  volume = {114},
  pages = {11890–11895},
  url = {https://doi.org/10.1073/pnas.1707040114},
  doi = {10.1073/pnas.1707040114},
  language = {en},
  journal = {Proceedings of the National Academy of Sciences},
  number = {45}
}
@article{reutskaja2011,
  title={Search dynamics in consumer choice under time pressure: An eye-tracking study},
  author={Reutskaja, Elena and Nagel, Rosemarie and Camerer, Colin F and Rangel, Antonio},
  journal={American Economic Review},
  volume={101},
  number={2},
  pages={900--926},
  year={2011}
}
@article{rosenholtz2007a,
  author = {Rosenholtz, R. and Li, Y. and Nakano, L.},
  year = {2007},
  title = {Measuring visual clutter},
  volume = {7},
  pages = {17},
  url = {https://doi.org/10.1167/7.2.17},
  doi = {10.1167/7.2.17},
  language = {en},
  journal = {Journal of Vision},
  number = {2}
}
@article{schotter2010a,
  author = {Schotter, E.R. and Berry, R.W. and McKenzie, C.R.M. and Rayner, K.},
  year = {2010},
  title = {Gaze bias: Selective encoding and liking effects},
  volume = {18},
  pages = {1113–1132},
  url = {https://doi.org/10.1080/13506281003668900},
  doi = {10.1080/13506281003668900},
  language = {en},
  journal = {Visual Cognition},
  number = {8}
}
@article{schotter2012a,
  author = {Schotter, E.R. and Gerety, C. and Rayner, K.},
  year = {2012},
  title = {Heuristics and criterion setting during selective encoding in visual decision making: Evidence from eye movements},
  volume = {20},
  pages = {1110–1129},
  url = {https://doi.org/10.1080/13506285.2012.735719},
  doi = {10.1080/13506285.2012.735719},
  language = {en},
  journal = {Visual Cognition},
  number = {9}
}
@article{shimojo2003a,
  author = {Shimojo, S. and Simion, C. and Shimojo, E. and Scheier, C.},
  year = {2003},
  title = {Gaze bias both reflects and influences preference},
  volume = {6},
  pages = {1317–1322},
  url = {https://doi.org/10.1038/nn1150},
  doi = {10.1038/nn1150},
  language = {en},
  journal = {Nature Neuroscience},
  number = {12}
}
@article{shrout1979a,
  author = {Shrout, P.E. and Fleiss, J.L.},
  year = {1979},
  title = {Intraclass correlations: Uses in assessing rater reliability},
  volume = {86},
  pages = {420–428},
  url = {https://doi.org/10.1037/0033-2909.86.2.420},
  doi = {10.1037/0033-2909.86.2.420},
  language = {en},
  journal = {Psychological Bulletin},
  number = {2}
}
@article{simola2019a,
  author = {Simola, J. and Kuisma, J. and Kaakinen, J.K.},
  year = {2019},
  title = {Attention, memory and preference for direct and indirect print advertisements},
  url = {https://doi.org/10.1016/j.jbusres.2019.06.028},
  doi = {10.1016/j.jbusres.2019.06.028},
  language = {en},
  journal = {Journal of Business Research}
}
@article{simon1956a,
  author = {Simon, H.A.},
  year = {1956},
  title = {Rational choice and the structure of the environment},
  volume = {63},
  pages = {129–138},
  url = {https://doi.org/10.1037/h0042769},
  doi = {10.1037/h0042769},
  language = {en},
  journal = {Psychological Review},
  number = {2}
}
@article{spinks2016a,
  author = {Spinks, J. and Mortimer, D.},
  year = {2016},
  title = {Lost in the crowd? Using eye-tracking to investigate the effect of complexity on attribute non-attendance in discrete choice experiments},
  volume = {16},
  pages = {14},
  url = {https://doi.org/10.1186/s12911-016-0251-1},
  doi = {10.1186/s12911-016-0251-1},
  language = {en},
  journal = {BMC Medical Informatics and Decision Making},
  number = {1}
}
@article{stuttgen2012,
  title={A satisficing choice model},
  author={St{\"u}ttgen, Peter and Boatwright, Peter and Monroe, Robert T},
  journal={Marketing Science},
  volume={31},
  number={6},
  pages={878--899},
  year={2012},
  publisher={INFORMS}
}
@article{tatler2011a,
  author = {Tatler, B.W. and Hayhoe, M.M. and Land, M.F. and Ballard, D.H.},
  year = {2011},
  title = {Eye guidance in natural vision: Reinterpreting salience},
  volume = {11},
  pages = {5},
  url = {https://doi.org/10.1167/11.5.5},
  doi = {10.1167/11.5.5},
  language = {fr},
  journal = {Journal of Vision},
  number = {5}
}
@article{theeuwes2010,
  title={Top--down and bottom--up control of visual selection},
  author={Theeuwes, Jan},
  journal={Acta psychologica},
  volume={135},
  number={2},
  pages={77--99},
  year={2010},
  publisher={Elsevier}
}
@article{thomas2019,
  title={Gaze bias differences capture individual choice behaviour},
  author={Thomas, Armin W and Molter, Felix and Krajbich, Ian and Heekeren, Hauke R and Mohr, Peter NC},
  journal={Nature human behaviour},
  volume={3},
  number={6},
  pages={625--635},
  year={2019},
  publisher={Nature Publishing Group}
}
@misc{thomas2020,
  title={Uncovering the Computational Mechanisms Underlying Many-Alternative Choice},
  author={Thomas, Armin and Molter, Felix and Krajbich, Ian},
  year={2020},
  publisher={PsyArXiv}
}
@article{towal2013a,
  author = {Towal, R.B. and Mormann, M. and Koch, C.},
  year = {2013},
  title = {Simultaneous modeling of visual saliency and value computation improves predictions of economic choice},
  volume = {110},
  pages = {3858–3867},
  url = {https://doi.org/10.1073/pnas.1304429110},
  doi = {10.1073/pnas.1304429110},
  language = {en},
  journal = {Proceedings of the National Academy of Sciences of the United States of America},
  number = {40}
}
@article{tversky1979,
  title={Prospect theory: An analysis of decision under risk},
  author={Tversky, Amos and Kahneman, Daniel},
  journal={Econometrica},
  volume={47},
  number={2},
  pages={263--291},
  year={1979}
}
@article{usher2019,
  title={Selective Integration: An Attentional Theory of Choice Biases and Adaptive Choice},
  author={Usher, Marius and Tsetsos, Konstantinos and Glickman, Moshe and Chater, Nick},
  journal={Current Directions in Psychological Science},
  volume={28},
  number={6},
  pages={552--559},
  year={2019},
  publisher={SAGE Publications Sage CA: Los Angeles, CA}
}
@article{vanderlans2008,
  title={Research Note—Competitive Brand Salience},
  author={Van der Lans, Ralf and Pieters, Rik and Wedel, Michel},
  journal={Marketing Science},
  volume={27},
  number={5},
  pages={922--931},
  year={2008},
  publisher={INFORMS}
}
@article{van2015a,
  author = {Van Loo, E.J. and Caputo, V. and Nayga, R.M. and Seo, H.-S. and Zhang, B. and Verbeke, W.},
  year = {2015},
  title = {Sustainability labels on coffee: Consumer preferences, willingness-to-pay and visual attention to attributes},
  volume = {118},
  pages = {215–225},
  url = {https://doi.org/10.1016/j.ecolecon.2015.07.011},
  doi = {10.1016/j.ecolecon.2015.07.011},
  language = {en},
  journal = {Ecological Economics}
}
@article{viechtbauer2010a,
  author = {Viechtbauer, W.},
  year = {2010},
  title = {Conducting meta-analyses in R with the metafor package},
  volume = {36},
  pages = {1–48},
  url = {https://lirias.kuleuven.be/1059637},
  language = {en},
  journal = {Journal of Statistical Software},
  number = {3}
}
@book{wedel2008,
  title={Eye tracking for visual marketing},
  author={Wedel, Michel and Pieters, Rik},
  year={2008},
  publisher={Now Publishers Inc}
}
@article{wolfe2010,
  title={Visual search},
  author={Wolfe, Jeremy M},
  journal={Current biology},
  volume={20},
  number={8},
  pages={R346--R349},
  year={2010},
  publisher={Elsevier}
}
@article{wolfe2017a,
  author = {Wolfe, J.M. and Horowitz, T.S.},
  year = {2017},
  title = {Five factors that guide attention in visual search},
  volume = {1},
  pages = {1–8},
  url = {https://doi.org/10.1038/s41562-017-0058},
  doi = {10.1038/s41562-017-0058},
  language = {en},
  journal = {Nature Human Behaviour},
  number = {3}
}
